%% ==================================================================
%% SYSTEMS
%% ==================================================================

@misc{noisepage,
    title = {{NoisePage}},
    howpublished = {\url{https://noise.page}}
}

@misc{beischl21,
  title = {Profiling Dataflow Systems on Multiple Abstraction Levels},
  author = {Alexander Beischl and Timo Kersten and Maximilian Bandle and Jana Giceva and Thomas Neumann},
  year = {2021}
}
