%% ==================================================================
%% SYSTEMS
%% ==================================================================

@misc{noisepage,
    title = {{NoisePage}},
    howpublished = {\url{https://noise.page}}
}

@misc{singlestore,
    title = {{SingleStore}},
    howpublished = {\url{https://www.singlestore.com/}}
}

@misc{hyper,
    title = {{HyPer}},
    howpublished = {\url{http://hyper-db.de/}}
}

%% ==================================================================
%% COMPILATION
%% ==================================================================

@misc{paroski16,
    author = {Drew Paroski},
    title = {Code Generation: The Inner Sanctum of Database Performance},
    month = {September},
    year = {2016},
    howpublished ={\url{http://highscalability.com/blog/2016/9/7/code-generation-the-inner-sanctum-of-database-performance.html}}
}

@misc{pcq,
  author = {Menon, Prashanth and Ngom, Amadou and Ma, Lin and Mowry, Todd C. and Pavlo, Andrew},
  title = {Permutable Compiled Queries: Dynamically Adapting Compiled Queries without Recompiling},
  year = {2020}
}

@misc{rof,
  title = {Relaxed Operator Fusion for In-Memory Databases: Making Compilation, Vectorization, and Prefetching Work Together At Last},
  author = {Prashanth Menon, Todd C. Mowry, Andrew Pavlo},
  year = {2017}
}

@inproceedings{krikellas10,
  title={Generating code for holistic query evaluation},
  author={Krikellas, Konstantinos and Viglas, Stratis D and Cintra, Marcelo},
  booktitle={Data Engineering (ICDE), 2010 IEEE 26th International Conference on},
  pages={613--624},
  year={2010},
  organization={IEEE}
}

@article{neumann11,
    author = {Neumann, Thomas},
    title = {Efficiently Compiling Efficient Query Plans for Modern Hardware},
    journal = {{PVLDB}},
    volume = {4},
    number = {9},
    year = {2011},
    pages = {539--550},
}

@misc{whaley01,
  title = {Partial Method Compilation Using Dynamic Profile Information},
  author = {John Whaley},
  year = {2001}
}

@misc{stadler14,
  title = {Partial Escape Analysis and Scalar Replacement for Java},
  author = {Lukas Stadler, Thomas Wurthinger, Hanspeter Mossenbock}
  year = {2014}
}
